1222 1143
44 20 135 89 Copia:
221 60 471 145 Beatissime Pater
54 218 793 308 Litteras, quibus Sanctitati Vestrę, Me ad consequenda, proximi
56 270 770 326 Iubilaei bona invitare placuit, cum filiali devotione excipiens
73 300 783 373 iteratum paterni affectus documen venerandi occasionem nactus
71 339 138 371 sum.
48 365 793 426 In desideriis meis, est quidem, ad sacra advolare sepulcra Divorum
65 380 739 438 Petri et Pauli principum Apostolorum, fruique thesauris,
75 414 785 474 Ecclesiae opulentissimis universo gregi christiano benignissime
73 444 755 506 oblatis; Attamen aetatis gravitas, et rerum publicarum
77 478 753 538 sollicitudo, quam maximis mihi sunt impedimentis, quin
77 510 727 568 votis animi ut impensis satisfacere mihi liberum sit.
71 542 769 602 Haud dubitans, quin populi Christiani copiosissimos jubilei
77 578 735 636 proximi fructus decerpturi sint, id quod ad me Attinet.; ad
68 630 711 691 Religionem promovendam subentissime collaturus ero:
81 674 677 734 Excipiat Sanctitas Vestra paterno cum favore pignus
91 706 751 766 filialis reverentiae, quacum Benedictionem Apostolicam
81 734 777 800 exorans permaneo. Dabantur Tegensee die 16. Augusti
79 776 153 828 1824:
225 804 475 866 Beatissime Pater
227 842 495 900 Sanctitatis Vestrae
312 940 765 995 Devotissimus et Obsequiosissimus filius.
289 980 732 1081 Sig(num):/ Maximilianus Josephus.
